@misc{Publication12FARJ1184FinalPaperV1240830111128unknown,
  title={Publication12_FARJ1184FinalPaperV1_240830_111128 (1)}},
  author={{}},
  year={{unknown}}
}}

@misc{Zheng2025,
  title={A Review on Blockchain Applications in Operational Technology for Food and Agriculture Critical Infrastructure}},
  author={{Chengliang Zheng, Xiangzhen Peng, Ziyue Wang, Tianyu Ma, Jiajia Lu, Leiyang Chen, Liang Dong, Long Wang, Xiaohui Cui and Zhidong Shen}},
  year={{2025}}
}}

@misc{S2025,
  title={Dudhagara3172025JSRR139816}},
  author={{S}},
  year={{2025}}
}}

@misc{-2025,
  title={The_Internet_of_Things_IoT_in_Farming_Smart_Soluti}},
  author={{NIkechi -}},
  year={{2025}}
}}

@misc{Sendros2022,
  title={Blockchain Applications in Agriculture: A Scoping Review}},
  author={{Andreas Sendros, George Drosatos, Pavlos S. Efraimidis and Nestor C. Tsirliganis}},
  year={{2022}}
}}

@misc{TheInternetofThingsApplicationsandTechnologiesUsedTheCaseofBlockchainTechnologyInSmartAgriculture2025,
  title={The-Internet-of-Things-Applications-and-Technologies-Used_-The-Case-of-Blockchain-Technology-In-Smart-Agriculture}},
  author={{}},
  year={{2025}}
}}

@misc{ShahilKumarNationalSeedCongress13th2024unknown,
  title={ShahilKumar_NationalSeedCongress_13th_2024}},
  author={{}},
  year={{unknown}}
}}

@misc{10247Proceedingfullpaperpdf1721777210SecuringAgriculturalImagingDatainSmartAgricultureaBlockchainbasedApproachtoMitigateCybersecurityThreatsandFutureInnovations2024,
  title={10247_Proceeding_full_paper_pdf_1721777210_SecuringAgriculturalImagingDatainSmartAgriculture-aBlockchain-basedApproachtoMitigateCybersecurityThreatsandFutureInnovations}},
  author={{}},
  year={{2024}}
}}

@misc{Daniel2021,
  title={Chapter # Chapter Title}},
  author={{Lars Daniel}},
  year={{2021}}
}}

@misc{Manoj2025,
  title={A Blockchain-Assisted Trusted Federated Learning for Smart Agriculture}},
  author={{T Manoj }},
  year={{2025}}
}}

@misc{S2025,
  title={Olateju2542025AJAAR133366}},
  author={{S}},
  year={{2025}}
}}

@misc{Sai2025,
  title={Blockchain_technology_in_agriculture_Ensuring_tran}},
  author={{Sai}},
  year={{2025}}
}}

@misc{Sharma2025,
  title={From Centralized Algorithms to Decentralized Intelligence: A Blockchain Perspective}},
  author={{Ms. Aarti Sharma}},
  year={{2025}}
}}

@misc{ROLEOFBLOCKCHAININAGRICULTURE2025,
  title={ROLE_OF_BLOCKCHAIN_IN_AGRICULTURE}},
  author={{}},
  year={{2025}}
}}

@misc{Pakseresht2024,
  title={Blockchain technology characteristics essential for the agri-food sector: A systematic review}},
  author={{Ashkan Pakseresht}},
  year={{2024}}
}}

@misc{Rahoutiunknown,
  title={Integrating Robotic Navigation with Blockchain: A Novel PoS-Based Approach for Heterogeneous Robotic Teams}},
  author={{Nasim Paykari; Ali Alfatemi; Damian M. Lyons; Mohamed Rahouti}},
  year={{unknown}}
}}

@misc{Shofa2024,
  title={988-2730-1-PB}},
  author={{Shofa}},
  year={{2024}}
}}

@misc{Blockchainx02010Empowered2025,
  title={Blockchain&#x02010;Empowered H&#x02010;CPS Architecture for Smart Agriculture}},
  author={{}},
  year={{2025}}
}}

@misc{Green2025,
  title={Green Secure Land Registration Scheme for Blockchain-enabled Agriculture Industry 5.0}},
  author={{}},
  year={{2025}}
}}

@misc{AhmadiKalijietal2023BlockchainImplementationsinPrecisionAgriculturefinalvunknown,
  title={AhmadiKalijietal.2023BlockchainImplementationsinPrecisionAgriculture_finalv}},
  author={{}},
  year={{unknown}}
}}

@misc{Akinnuoye2025,
  title={FrankArena5}},
  author={{Akinnuoye}},
  year={{2025}}
}}

@misc{SCHOLAR2025,
  title={Microsoft Word - Optimising the Agri-Food Value Chain Latest Trends and Proven Methods for Success 17042025.0905}},
  author={{Mr.RESEARCH SCHOLAR}},
  year={{2025}}
}}

@misc{BlockchainEmpowered2025,
  title={Blockchain‐Empowered H‐CPS Architecture for Smart Agriculture}},
  author={{}},
  year={{2025}}
}}

@misc{User2019,
  title={1908.07391v1}},
  author={{Microsoft Office User}},
  year={{2019}}
}}

@misc{EnhancingSustainabilityClimateResilienceandRe2025,
  title={Enhancing_Sustainability_Climate_Resilience_and_Re}},
  author={{}},
  year={{2025}}
}}

@misc{Panwar2023,
  title={Blockchain in Agriculture to Ensure Trust, Effectiveness, and Traceability from Farm Fields to Groceries}},
  author={{Arvind Panwar, Manju Khari, Sanjay Misra and Urvashi Sugandh}},
  year={{2023}}
}}

@misc{ApplyingBlockchaininAgriculture2021,
  title={ApplyingBlockchaininAgriculture}},
  author={{}},
  year={{2021}}
}}

@misc{JISIBlockchainandIoTforSustainableAgricultureInnovationsandImpact2025,
  title={JISI-BlockchainandIoTforSustainableAgriculture-InnovationsandImpact}},
  author={{}},
  year={{2025}}
}}

@misc{Kim2025,
  title={Blockchain-Based Secure Authentication Protocol for Fog-Enabled IoT Environments}},
  author={{Taehun Kim, Deokkyu Kwon, Yohan Park, and Youngho Park}},
  year={{2025}}
}}

@misc{EnablingAIinAgriculture40ABlockchainBasedMobileCrowdSensingArchitecture2024,
  title={EnablingAIinAgriculture4.0ABlockchain-BasedMobileCrowdSensingArchitecture}},
  author={{}},
  year={{2024}}
}}

@misc{Adnan2025,
  title={14-SupplyChainTraceabilityandResilienceasDriversofBlockchain2025}},
  author={{Adnan}},
  year={{2025}}
}}

@misc{TheUseofBlockchainTechnologyintheFoodTrace2025,
  title={The_Use_of_Blockchain_Technology_in_the_Food_Trace}},
  author={{}},
  year={{2025}}
}}

@misc{Publication12FARJ1184FinalPaperV1240830111128unknown,
  title={Publication12_FARJ1184FinalPaperV1_240830_111128}},
  author={{}},
  year={{unknown}}
}}

@misc{Yang2025,
  title={A Survey of Blockchain Applications for Management in Agriculture and Livestock Internet of Things}},
  author={{Yang Yang, Min Lin, Yangfei Lin, Chen Zhang and Celimuge Wu}},
  year={{2025}}
}}

@misc{Admin2024,
  title={IJAS-030924-20929210_16_1_5_IJAS}},
  author={{Admin}},
  year={{2024}}
}}

@misc{L.B.2022,
  title={Survey on the Applications of Blockchain in Agriculture}},
  author={{Krithika L.B.}},
  year={{2022}}
}}

@misc{account2023,
  title={c}},
  author={{Microsoft account}},
  year={{2023}}
}}

